@article{zm2009,
title = "{{The Cult of Statistical Significance}}",
year = "2009",
journal = "Proceedings of the Joint Statistical Meetings",
volume = "Section on Statistical Education",
author = "Stephen Ziliak and Deirdre McCloskey",
pages = "2302-2319"
}